2842 4492
394 357 520 424 158
992 380 1184 429 r11zsr
1229 380 1519 430 messoris
1567 382 1644 431 IN
1692 382 1916 434 LATIN.

390 548 696 613 Vestalem
743 547 1042 632 virg'tnem
1091 547 1267 612 fecit:
1344 547 1510 612 Nam
1549 548 1645 612 his
1681 549 1901 613 Vestae
1931 550 2350 615 sacerdot‘ibus
2396 577 2524 619 non

390 652 533 717 licet
560 653 689 717 viro
720 651 966 716 nubere.
1060 650 1177 714 Sed
1207 651 1352 715 haec
1381 675 1417 715 a
1447 652 1647 716 Marte
1678 658 1951 737 geminos
1983 653 2139 717 filios
2176 655 2522 723 Roml‘ilum

390 765 452 820 et
481 756 740 820 Remum
771 755 1019 841 peperit.
1098 753 1236 818 Hoc
1266 777 1459 839 quum
1489 756 1777 821 Amulius
1818 758 2229 842 comperisset,
2267 770 2523 826 matrem

391 859 456 924 in
485 858 725 923 vincula
756 856 1033 942 conjecit,
1064 861 1284 943 pueros
1314 866 1518 921 autem
1547 859 1613 922 in
1640 859 1911 923 Tiberim
1942 860 2126 946 abjici
2151 865 2355 949 jussit.

483 966 540 1028 7.
600 962 783 1025 Forte
832 960 1065 1025 Tiberis
1112 983 1268 1045 aqua
1314 943 1474 1025 ultra
1526 963 1719 1047 ripam
1766 987 1828 1027 se
1874 965 2184 1044 effuderat,
2216 975 2296 1046 et,
2330 991 2521 1053 quum

391 1067 565 1153 pueri
595 1066 658 1129 in
686 1064 841 1129 vado
879 1071 1074 1128 essent
1120 1064 1325 1150 positi,
1355 1089 1515 1150 aqua
1543 1068 1801 1132 refluens
1832 1092 1933 1132 eos
1962 1070 2027 1132 in
2058 1071 2214 1134 sicco
2246 1071 2518 1157 reliquit.

392 1171 493 1236 Ad
518 1177 731 1236 berum
760 1176 1036 1253 vagitum
1079 1166 1226 1254 lupa
1254 1172 1536 1250 accurrit,
1567 1194 1789 1258 eosque
1836 1172 2125 1238 uber‘l'bus
2171 1174 2297 1237 suis
2343 1173 2577 1308 aluit*
2612 1206 2617 1209 ·

393 1274 577 1355 Quod
607 1272 815 1338 videns
856 1272 1188 1337 Fausttilus
1237 1276 1505 1360 quidam,
1537 1285 1746 1362 pastor
1772 1277 1941 1341 illius
1982 1278 2265 1361 regieniS,
2293 1301 2519 1366 pueros

393 1376 648 1441 sustulit
675 1384 736 1441 et
766 1377 945 1442 uxeri
975 1379 1170 1443 Accae
1198 1378 1559 1444 Laurentiae
1588 1381 1941 1446 nutriendos
1971 1381 2157 1447 dedit.

902 1629 1295 1679 Foundation
1330 1631 1399 1680 of
1434 1632 1645 1693 Rome,
1680 1632 1755 1680 B.
1780 1632 1844 1681 G.
1868 1634 2000 1683 753.

485 1775 544 1838 8.
608 1772 706 1837 Sic
734 1770 1036 1836 Romulus
1067 1777 1128 1834 et
1162 1770 1391 1835 Remus
1425 1773 1749 1857 pueritiam
1783 1773 1940 1838 inter
1974 1780 2243 1860 pasteres
2284 1781 2517 1838 transe-

394 1885 631 1962 gerunt.
726 1877 936 1959 Quum
975 1875 1376 1940 adolevissent
1404 1882 1466 1939 et
1498 1876 1652 1940 forte
1698 1879 2128 1964 comperissent
2172 1880 2306 1964 quis
2351 1880 2518 1965 ipse-

393 2004 530 2046 rum
589 2005 758 2060 avuS,
821 2004 971 2068 quae
1030 1988 1222 2044 mater
1285 1981 1521 2060 fuisset,
1581 1981 1901 2045 Amulium
1969 1983 2401 2046 interfecerunt
2458 1990 2522 2046 et

391 2085 709 2151 Numiteri
739 2111 850 2152 avo
881 2109 1133 2171 regnum
1167 2051 1647 2190 restituerunt-..J
1673 2086 1831 2149 Tum
1866 2086 2081 2150 urbem
2117 2086 2522 2151 condiderunt

392 2191 458 2255 in
501 2197 707 2255 monte
749 2193 1050 2255 Aventino
1095 2211 1276 2275 quam
1312 2189 1613 2253 Romulus
1644 2212 1680 2253 a
1708 2212 1818 2253 suo
1847 2193 2090 2251 nomi‘ne
2119 2189 2374 2253 Romam
2406 2213 2515 2253 vo-

393 2295 573 2359 cevit.
667 2295 836 2360 Haec
874 2318 1060 2380 quum
1091 2292 1408 2359 moeni'bus
1459 2292 1950 2370 circumdaretur,
1997 2292 2226 2356 Remus
2278 2301 2515 2358 occisus

392 2406 505 2479 est,
551 2399 698 2464 dum
741 2400 986 2465 fratrem
1032 2400 1288 2463 irridens
1334 2397 1568 2461 moenia
1611 2395 2002 2461 transiliebat.

604 2654 765 2704 How
799 2655 1099 2703 Romulus
1133 2654 1448 2703 increase-d
1483 2652 1591 2700 the
1625 2652 1895 2699 Number
1928 2649 1997 2699 of
2032 2650 2309 2699 Gitizem.

482 2797 541 2858 9.
601 2792 923 2872 Romulus,
947 2801 1018 2857 ut
1049 2794 1272 2858 civium
1295 2798 1621 2856 numerum
1651 2795 1918 2875 augeret,
1943 2789 2178 2872 asylum
2206 2789 2510 2874 patefecit,

391 2896 469 2961 ad
522 2897 686 2981 quod
737 2898 915 2961 multi
967 2921 1041 2961 ex
1094 2897 1444 2976 civitatibus
1500 2897 1625 2960 suis
1678 2894 1840 2981 pulsi
1892 2902 2298 2957 accurrerunt.
2394 2893 2513 2957 Sed

392 3022 580 3063 novae
604 3000 771 3064 urbis
802 3001 1036 3065 civibus
1066 2979 1354 3087 conje¹ges
1386 3002 1651 3065 deerant.
1729 3000 1977 3063 Festum
2008 2998 2214 3081 itaque
2232 2998 2512 3083 Neptuni

391 3110 452 3167 et
480 3102 658 3168 ludos
697 3105 982 3169 inst-ituit.
1075 3106 1174 3170 Ad
1210 3106 1319 3169 hos
1367 3129 1558 3190 quum
1602 3103 1780 3168 multi
1827 3126 1902 3167 ex
1945 3102 2223 3192 finit‘l‘mis
2263 3101 2511 3187 populis

391 3230 530 3271 cum
575 3208 932 3273 mulieribus
978 3216 1039 3276 et
1082 3209 1287 3274 liberis
1317 3210 1639 3287 venissent,
1664 3208 1925 3274 Romani
1954 3207 2113 3270 inter
2139 3206 2302 3291 ipsos
2331 3204 2509 3268 ludos

392 3318 728 3398 spectantes
757 3313 1023 3397 virgines
1052 3321 1401 3399 rapuerunt.

861 3557 1009 3605 War
1043 3557 1198 3605 with
1235 3556 1341 3605 the
1378 3557 1645 3606 Sabinos.
1669 3585 1741 3593 —
1765 3558 2041 3617 Tarpeia.

482 3698 584 3759 10.
644 3694 870 3781 Populi
913 3696 1025 3774 illi,
1058 3720 1317 3781 quorum
1361 3697 1628 3780 virgines
1674 3704 1879 3782 raptae
1920 3704 2110 3774 erant,
2148 3695 2378 3760 bellum
2408 3694 2509 3759 ad-

390 3821 597 3863 versus
628 3807 892 3883 rapteres
924 3807 1331 3884 susceperunt.
1426 3800 1631 3881 Quum
1660 3799 1889 3865 Romae
1934 3801 2508 3885 appropinquarent,

390 3901 547 3966 forte
575 3900 642 3963 in
669 3901 986 3986 Tarpeiam
1016 3904 1313 3987 virginem
1340 3903 1701 3979 inciderunt,
1734 3925 1886 3987 quae
1915 3902 1980 3966 in
2009 3925 2141 3966 arce
2172 3924 2338 3965 sacra
2367 3921 2507 3988 pro-

2823 1115 2835 1244 4
