2842 4492
950 411 1143 462 rms'r
1188 411 1478 462 Lussous
1525 411 1603 461 IN
1647 409 1871 462 LATIN.
2346 386 2467 456 161

349 582 656 671 appellati.
745 581 933 646 Plura
961 579 1120 645 bella
1148 580 1405 644 feliciter
1433 579 1640 665 gessit,
1670 600 1782 644 nec
1811 602 2035 666 paucos
2066 604 2241 667 agros
2276 581 2471 646 hosti-

350 688 463 754 bus
492 689 805 774 ademptos
845 684 1014 750 urbis
1062 685 1363 748 territorio
1408 685 1707 770 adJunxit.
1800 685 2040 751 Primus
2091 688 2470 774 triumphans

330 790 560 855 urbem
609 787 880 853 intravit.
972 784 1220 850 Cloacas
1268 786 1450 864 fecit,
1498 784 1867 870 Capitolium
1917 787 2243 853 inchoavit.
2334 790 2467 853 Tri-

347 901 569 960 cesTmo
618 901 830 958 octavo
881 890 1099 977 imperi
1150 912 1307 956 anno
1358 912 1469 978 per
1509 889 1677 958 Anci
1721 890 1901 970 filios,
1949 890 2170 977 quibus
2214 915 2470 978 regnum

344 1001 664 1087 eripuerat,
695 1007 929 1064 occisus
957 1003 1068 1063 est.

687 1231 884 1291 Reign
918 1229 987 1279 of
1021 1227 1264 1279 Servius
1299 1226 1560 1289 ΤιιῙΠιιε,
1598 1226 1674 1276 Β.
1700 1227 1764 1276 0.
1801 1229 2122 1279 5Ἷ8-534.

434 1374 534 1436 18.
595 1371 744 1435 Post
786 1370 949 1434 hunc
994 1368 1238 1433 Servius
1281 1366 1520 1431 Tullius
1552 1366 1819 1452 suscepit
1848 1367 2191 1453 imperium,
2221 1372 2464 1453 genitus

343 1497 418 1538 ex
442 1474 638 1539 nobssi
678 1475 924 1552 femina,
954 1481 1195 1559 captiva
1229 1479 1435 1536 tamen
1473 1476 1535 1535 et
1573 1469 1824 1535 famma.
1918 1471 2126 1553 Quum
2173 1471 2239 1536 in
2284 1472 2462 1539 domo

343 1579 636 1663 Tarquini
683 1577 874 1642 Prisci
923 1577 1298 1655 educaretur,
1348 1577 1591 1639 flamma
1638 1575 1706 1639 in
1752 1575 1884 1660 ejus
1932 1580 2130 1661 capite
2178 1577 2305 1640 visa
2349 1584 2461 1644 est.

348 1682 484 1747 Hoc
513 1682 792 1769 prodigio
820 1682 1119 1767 Tanaquil
1148 1682 1205 1745 ei
1233 1704 1533 1746 summam
1579 1680 1943 1766 dignitatem
1972 1681 2251 1767 portendi
2282 1682 2461 1747 intel-

347 1890 553 1972 Quum
583 1890 958 1968 adolevisset,
988 1912 1093 1954 rex
1121 1890 1177 1954 ei
1207 1879 1391 1954 filiam
1422 1890 1488 1953 in
1517 1890 1970 1954 matrimonium
2000 1888 2187 1954 dedit.

437 1997 535 2058 19.
598 1994 805 2076 Quum
850 1994 1093 2057 Priscus
1138 1993 1505 2078 Tarquinius
1559 2003 1792 2058 occisus
1840 2009 2014 2072 esset,
2044 1993 2344 2081 Tanaquil
2388 1994 2463 2060 de

345 2099 647 2185 superibre
697 2105 867 2184 parte
914 2098 1130 2163 domus
1176 2098 1476 2184 populum
1521 2099 1786 2164 allocuta
1834 2107 1945 2178 est,
1977 2099 2181 2165 dicens
2200 2128 2220 2179 ;
2270 2123 2463 2185 reyem

338 2226 527 2283 ,qrave
556 2203 791 2289 quidem
818 2205 923 2267 sed
948 2226 1069 2265 non
1101 2205 1281 2266 lebdle
1308 2205 1535 2268 vulnus
1576 2204 1873 2287 accepisse
1894 2230 1925 2279 ,·
1972 2229 2101 2270 eum
2131 2209 2363 2289 pelffre,
2393 2214 2464 2272 ut

280 2329 286 2335 ·
336 2309 614 2388 papillas,
645 2309 782 2371 dum
810 2306 1224 2385 convaluisset,
1252 2308 1457 2371 Servio
1485 2309 1686 2373 Tullio
1709 2311 1992 2375 obediret.
2086 2310 2185 2375 Sic
2216 2310 2461 2376 Servius

342 2421 591 2495 regnare
618 2410 835 2496 coepit,
867 2410 972 2483 sed
999 2408 1148 2473 bene
1177 2410 1501 2495 imperium
1530 2410 1993 2479 administravit.
2069 2414 2314 2480 Montes
2337 2423 2460 2481 tres

341 2514 478 2578 urbi
508 2514 806 2600 adjunxit.
896 2513 1138 2577 Primus
1186 2515 1460 2579 omnium
1504 2538 1750 2580 censum
1795 2518 2121 2584 ordinavit.
2214 2518 2342 2584 Sub
2389 2543 2461 2585 eo

341 2617 535 2682 Roma
564 2618 778 2708 habuit
800 2617 1107 2702 octoginta
1134 2617 1253 2682 tria
1280 2618 1451 2683 milia
1474 2620 1700 2684 civium
1728 2621 2143 2687 Romanbrum
2173 2645 2313 2688 cum
2344 2624 2459 2703 his,

343 2722 448 2806 qui
478 2722 540 2785 in
571 2722 730 2807 agris
761 2729 949 2787 erant.

429 2829 531 2890 20.
581 2826 702 2890 Hic
732 2848 837 2890 rex
865 2826 1217 2892 interfectus
1247 2833 1338 2892 esb
1367 2828 1588 2894 scelere
1616 2830 1776 2895 filiae
1811 2831 2045 2896 Tulliae
2080 2839 2143 2897 ct
2170 2832 2461 2919 Tarquini

343 2930 616 3017 Superbi,
647 2931 734 2995 fili
763 2933 894 3017 ejus
923 2933 1102 3017 regiS,
1133 2934 1233 2998 cui
1263 2934 1506 3001 Servius
1537 2942 1922 3003 successerat.
2029 2938 2195 3003 Nam
2218 2938 2295 3003 ab
2325 2940 2460 3025 ipso

339 3035 666 3119 Tarquinio
697 3036 769 3100 de
799 3035 1090 3121 gradibus
1109 3039 1319 3104 ⁴curiae
1349 3039 1641 3128 dejectuS,
1673 3063 1862 3125 quum
1907 3041 2156 3105 domum
2201 3044 2459 3128 fugEret,

337 3139 686 3202 interfectus
717 3146 825 3204 est.
900 3140 1101 3205 Tullia
1129 3142 1194 3205 in
1221 3143 1425 3207 forum
1453 3146 1819 3230 properavit,
1844 3151 1904 3208 et
1926 3146 2118 3230 prima
2141 3148 2460 3233 conjugem

339 3264 539 3325 regem
568 3242 873 3308 salutavit.
966 3245 1174 3327 Quum
1202 3246 1455 3312 domum
1483 3249 1727 3327 rediress,
1758 3257 2033 3334 aurigam
2061 3272 2243 3337 super
2270 3251 2460 3338 patris

339 3367 556 3431 corpus
584 3347 648 3410 in
676 3346 776 3411 via
800 3348 1000 3433 jacens
1031 3357 1385 3437 carpentum
1413 3356 1590 3436 agere
1614 3353 1820 3438 jussit.
2304 3352 2310 3357 ⁴

451 3591 642 3652 Reign
678 3593 747 3642 of
781 3594 1152 3653 Tarquinius
1189 3594 1515 3656 Superbus,
1552 3598 1659 3645 the
1696 3597 1818 3645 last
1853 3597 2007 3658 k1ng
2042 3597 2110 3646 of
2143 3599 2353 3660 Rome,

1134 3684 1208 3731 Β.
1235 3684 1299 3731 G.
1337 3687 1454 3733 534
1473 3709 1512 3719 -
1530 3687 1669 3733 510.

428 3817 529 3880 21.
581 3817 944 3901 Tarquinius
979 3817 1285 3902 Superbus
1316 3827 1653 3901 cognfimen
1674 3818 1948 3883 moribus
1971 3819 2208 3883 meruit.
2284 3817 2459 3883 Bello

338 3922 542 3984 tamen
591 3929 872 3986 strenuus
924 3920 1129 4006 plures
1174 3922 1573 3986 finitimfirum
1623 3922 1989 4009 populfirum
2025 3924 2189 3987 vicit.
2278 3923 2455 3987 Tem-
