2842 4492
958 398 1152 448 FIRs'r
1198 398 1487 447 LEssous
1536 398 1612 447 IN
1661 396 1884 446 LATIN.
2352 376 2475 438 159

358 566 627 633 curabat.
721 566 899 632 Hanc
928 566 1248 651 rogabant,
1279 573 1350 632 ut
1375 566 1541 631 viam
1569 566 1634 630 in
1664 589 1857 631 arcem
1886 569 2271 644 monstraret,
2301 573 2478 650 eique

357 673 781 758 permiserunt,
835 678 907 736 ut
962 694 1186 735 munus
1239 671 1358 735 sibi
1409 676 1702 757 posceret.
1815 670 1934 735 Illa
1979 671 2174 755 petiit,
2227 677 2299 734 ut
2361 668 2476 733 sibi

358 777 587 856 darent,
619 775 785 862 quod
829 776 896 839 in
940 775 1196 839 sinistris
1241 774 1525 839 manibus
1566 780 1860 860 gererent,
1905 775 2118 840 anulos
2178 797 2385 838 aureos
2416 779 2476 836 et

357 882 615 946 armillas
646 881 1025 967 significans,
1117 882 1204 945 At
1233 879 1435 944 hostes
1466 880 1534 943 in‘
1560 902 1756 944 arcem
1785 877 1860 942 ab
1885 902 1954 942 ea
1982 878 2255 964 perducti
2286 882 2475 941 scutis

356 986 673 1072 Tarpeiam
719 985 1086 1064 obruerunt,
1151 1006 1294 1048 nam
1341 992 1401 1048 et
1447 1001 1518 1047 ea
1561 983 1626 1047 in
1671 983 1930 1047 sinistris
1977 981 2257 1047 manibus
2304 989 2474 1067 gera-

356 1089 523 1156 bant.

953 1285 1175 1345 Treaty
1209 1282 1366 1333 with
1402 1283 1509 1331 the
1546 1281 1814 1332 Sabine&

447 1429 547 1491 11.
607 1426 764 1491 Tum
792 1426 1093 1491 Romulus
1125 1449 1266 1491 cum
1295 1425 1489 1503 hoste,
1523 1423 1629 1509 qui
1657 1430 1925 1489 montem
1954 1424 2277 1511 Tarpeium
2303 1430 2472 1489 tena-

357 1528 482 1609 bat,
512 1554 780 1617 pugnam
825 1531 1128 1595 conseruit
1159 1531 1225 1594 in
1252 1553 1322 1594 eo
1367 1529 1523 1607 loct),
1554 1526 1664 1592 ubi
1709 1550 1869 1592 nunc
1897 1528 2101 1592 forum
2128 1529 2474 1592 Romanum

356 1641 465 1698 est.
556 1634 634 1699 In
676 1633 873 1698 media
901 1633 1078 1698 caede
1113 1639 1318 1719 raptae
1362 1637 1803 1719 processarunt,
1836 1636 1897 1695 et
1928 1631 2066 1695 hinc
2089 1639 2289 1718 patres
2335 1632 2474 1695 hinc

356 1738 644 1823 conjuges
691 1744 751 1801 et
797 1742 1032 1802 soceros
1079 1736 1650 1822 complectebantur,
1697 1744 1758 1799 et
1797 1733 2110 1819 rogabant,
2159 1742 2229 1800 ut
2275 1735 2472 1799 caedis

355 1843 539 1907 finem
566 1843 848 1907 facerent.
917 1843 1180 1930 Utrique
1210 1843 1303 1906 his
1326 1841 1607 1929 precibus
1632 1840 2103 1905 commotisunt.
2172 1838 2473 1906 Romulus

357 1947 569 2011 foedus
598 1947 705 2011 icit
734 1954 795 2012 et
825 1947 1080 2012 Sabinos
1108 1947 1176 2011 in
1202 1946 1416 2011 urbem
1445 1945 1687 2032 recapit.

752 2212 1141 2261 Instltutions
1176 2212 1245 2261 of
1278 2213 1595 2263 Romulus,
1619 2240 1691 2248 —
1715 2212 1826 2261 His
1862 2211 2084 2261 Death.

450 2353 550 2416 12.
610 2352 827 2417 Postea
878 2352 1184 2417 civitatem
1231 2352 1566 2439 descripsit.
1682 2351 1940 2418 Centum
1984 2359 2286 2417 senatores
2324 2351 2473 2439 legit

359 2479 578 2541 eosque
602 2479 789 2542 quum
821 2456 899 2521 ob
930 2464 1185 2521 aetatem
1210 2465 1342 2520 tum
1368 2456 1447 2521 ob
1471 2456 1863 2521 reverentiam
1884 2456 1961 2521 iis
1985 2456 2255 2522 debitam
2273 2465 2472 2545 patres

358 2561 701 2647 appellavit.
792 2561 1035 2626 Plebem
1065 2563 1129 2626 in
1167 2561 1420 2646 triginta
1464 2562 1660 2626 curias
1704 2560 2041 2642 distribuit,
2072 2585 2289 2649 easque
2334 2586 2470 2649 rap-

356 2672 558 2729 tarum
588 2665 934 2732 nominibus
965 2666 1355 2752 nuncupavit.
1448 2666 1628 2732 Anno
1659 2668 1830 2751 regni
1857 2668 2161 2733 tricesimo
2192 2672 2471 2754 septimo,

358 2792 547 2855 quum
593 2775 919 2834 exercitum
968 2771 1272 2849 lustraret,
1314 2770 1473 2835 inter
1516 2777 1936 2857 tempestatem
1989 2780 2184 2836 ortam
2231 2780 2473 2856 repente

358 2874 550 2938 oculis
592 2874 909 2938 hominum
954 2874 1289 2939 subductus
1324 2876 1696 2997 estls<Hinc
1724 2876 1829 2940 alii
1858 2898 1998 2940 eum
2027 2899 2063 2939 a
2093 2873 2472 2939 senatoribus

356 2978 757 3057 interfectum,
786 2978 888 3043 alii
914 2978 994 3043 ad
1022 2978 1163 3044 deos
1193 2979 1506 3046 sublatum
1533 3003 1662 3045 esse
1690 2980 2202 3045 existimaverunt.

676 3240 868 3301 Relgn
903 3241 973 3290 of
1004 3241 1205 3290 Numa
1239 3243 1599 3305 Pompilius,
1636 3244 1710 3293 Β.
1736 3244 1800 3293 0.
1837 3246 1946 3294 716
1968 3246 2158 3294 4373.

446 3380 546 3443 13.
607 3378 755 3442 Post
811 3379 1058 3446 Romuli
1116 3389 1374 3447 mortem
1428 3390 1610 3446 unius
1661 3382 1802 3446 anni
1858 3382 2270 3468 interregnum
2331 3383 2467 3449 fuit.

358 3481 494 3563 Quo
519 3481 742 3568 elapso,
761 3483 971 3549 Numa
992 3486 1331 3574 Pompilius
1349 3486 1637 3565 Curibus,
1658 3486 1809 3551 urbe
1826 3487 1892 3550 in
1913 3510 2059 3572 agro
2086 3486 2468 3566 Sabinarum,

353 3593 530 3651 natus
559 3610 663 3652 rex
693 3596 930 3654 creatus
959 3597 1068 3655 est.
1163 3590 1286 3656 Hic
1319 3590 1414 3655 vir
1442 3590 1671 3655 bellum
1701 3591 1948 3676 quidem
1979 3590 2215 3655 nullum
2244 3591 2466 3675 gessit3

353 3711 463 3753 nec
518 3691 720 3756 minus
771 3699 973 3757 tamen
1019 3694 1252 3759 civitati
1300 3694 1551 3780 profuit.
1650 3694 1814 3758 Nam
1865 3703 1925 3759 et
1971 3696 2129 3780 leges
2179 3693 2365 3773 dedit,
2409 3701 2470 3758 et

354 3816 521 3859 sacra
570 3796 834 3883 plurima
884 3798 1168 3877 instituit,
1200 3805 1270 3862 ut
1315 3797 1527 3882 populi
1574 3795 1816 3861 barbari
1860 3805 1921 3861 et
1960 3797 2230 3863 bellicosi
2274 3820 2468 3862 mores

353 3898 634 3965 molliret.
727 3900 949 3966 Omnia
987 3909 1211 3981 autem,
1249 3924 1402 3988 quae
1454 3900 1731 3981 faciebat,
1762 3925 1826 3966 se
1866 3903 2162 3990 nymphae
2190 3902 2467 3988 Egeriae,

2531 7 2722 16 Ρ-ΐὛ-νῂ.
2735 9 2758 12 ,j
2791 8 2842 13 ἡ-
